%% report.bib - contains BiBtex input for bibliography

@article{carlsson2012prostate,
  title={Prostate cancer screening: facts, statistics, and interpretation in response to the US Preventive Services Task Force Review},
  author={Carlsson, Sigrid and Vickers, Andrew J and Roobol, Monique and Eastham, James and Scardino, Peter and Lilja, Hans and Hugosson, Jonas},
  journal={Journal of Clinical Oncology},
  volume={30},
  number={21},
  pages={2581--2584},
  year={2012},
  publisher={American Society of Clinical Oncology}
}

@article{cooperberg2005changing,
  title={The changing face of prostate cancer},
  author={Cooperberg, Matthew R and Moul, Judd W and Carroll, Peter R},
  journal={Journal of Clinical Oncology},
  volume={23},
  number={32},
  pages={8146--8151},
  year={2005},
  publisher={American Society of Clinical Oncology}
}

@article{cornud2012value,
  title={Value of multiparametric MRI in the work-up of prostate cancer},
  author={Cornud, F and Delongchamps, NB and Mozer, P and Beuvon, F and Schull, A and Muradyan, N and Peyromaure, M},
  journal={Current urology reports},
  volume={13},
  number={1},
  pages={82--92},
  year={2012},
  publisher={Springer}
}

@article{costa2015mr,
  title={MR imaging--transrectal US fusion for targeted prostate biopsies: implications for diagnosis and clinical management},
  author={Costa, Daniel N and Pedrosa, Ivan and Donato Jr, Francisco and Roehrborn, Claus G and Rofsky, Neil M},
  journal={Radiographics},
  volume={35},
  number={3},
  pages={696--708},
  year={2015},
  publisher={Radiological Society of North America}
}

@article{fehr2015automatic,
  title={Automatic classification of prostate cancer Gleason scores from multiparametric magnetic resonance images},
  author={Fehr, Duc and Veeraraghavan, Harini and Wibmer, Andreas and Gondo, Tatsuo and Matsumoto, Kazuhiro and Vargas, Herbert Alberto and Sala, Evis and Hricak, Hedvig and Deasy, Joseph O},
  journal={Proceedings of the National Academy of Sciences},
  volume={112},
  number={46},
  pages={E6265--E6273},
  year={2015},
  publisher={National Acad Sciences}
}

@article{gronberg2003prostate,
  title={Prostate cancer epidemiology},
  author={Gr{\"o}nberg, Henrik},
  journal={The Lancet},
  volume={361},
  number={9360},
  pages={859--864},
  year={2003},
  publisher={Elsevier}
}

@article{hoffman2011screening,
  title={Screening for prostate cancer},
  author={Hoffman, Richard M},
  journal={New England Journal of Medicine},
  volume={365},
  number={21},
  pages={2013--2019},
  year={2011},
  publisher={Mass Medical Soc}
}

@article{jemal2005cancer,
  title={Cancer statistics, 2005},
  author={Jemal, Ahmedin and Murray, Taylor and Ward, Elizabeth and Samuels, Alicia and Tiwari, Ram C and Ghafoor, Asma and Feuer, Eric J and Thun, Michael J},
  journal={CA: a cancer journal for clinicians},
  volume={55},
  number={1},
  pages={10--30},
  year={2005},
  publisher={Wiley Online Library}
}

@article{kwak2015automated,
  title={Automated prostate cancer detection using T2-weighted and high-b-value diffusion-weighted magnetic resonance imaging},
  author={Kwak, Jin Tae and Xu, Sheng and Wood, Bradford J and Turkbey, Baris and Choyke, Peter L and Pinto, Peter A and Wang, Shijun and Summers, Ronald M},
  journal={Medical physics},
  volume={42},
  number={5},
  pages={2368--2378},
  year={2015},
  publisher={American Association of Physicists in Medicine}
}

@article{lecun2015deep,
  title={Deep learning},
  author={LeCun, Yann and Bengio, Yoshua and Hinton, Geoffrey},
  journal={Nature},
  volume={521},
  number={7553},
  pages={436--444},
  year={2015},
  publisher={Nature Publishing Group}
}

@article{litjens2014computer,
  title={Computer-aided detection of prostate cancer in MRI},
  author={Litjens, Geert and Debats, Oscar and Barentsz, Jelle and Karssemeijer, Nico and Huisman, Henkjan},
  journal={IEEE transactions on medical imaging},
  volume={33},
  number={5},
  pages={1083--1092},
  year={2014},
  publisher={IEEE}
}

@article{matlaga2003prostate,
  title={Prostate biopsy: indications and technique},
  author={Matlaga, Brian R and Eskew, L Andrew and McCULLOUGH, DAVID L},
  journal={The Journal of urology},
  volume={169},
  number={1},
  pages={12--19},
  year={2003},
  publisher={Elsevier}
}

@article{ruprecht2012mri,
  title={MRI of the prostate: interobserver agreement compared with histopathologic outcome after radical prostatectomy},
  author={Ruprecht, Oliver and Weisser, Philipp and Bodelle, Boris and Ackermann, Hanns and Vogl, Thomas J},
  journal={European journal of radiology},
  volume={81},
  number={3},
  pages={456--460},
  year={2012},
  publisher={Elsevier}
}

@article{wang2014computer,
  title={Computer aided-diagnosis of prostate cancer on multiparametric MRI: a technical review of current research},
  author={Wang, Shijun and Burtt, Karen and Turkbey, Baris and Choyke, Peter and Summers, Ronald M},
  journal={BioMed research international},
  volume={2014},
  year={2014},
  publisher={Hindawi Publishing Corporation}
}

@article{wei2002comprehensive,
  title={Comprehensive comparison of health-related quality of life after contemporary therapies for localized prostate cancer},
  author={Wei, John T and Dunn, Rodney L and Sandler, Howard M and McLaughlin, P William and Montie, James E and Litwin, Mark S and Nyquist, Linda and Sanda, Martin G},
  journal={Journal of Clinical Oncology},
  volume={20},
  number={2},
  pages={557--566},
  year={2002},
  publisher={American Society of Clinical Oncology}
}

@article{wolters2011critical,
  title={A critical analysis of the tumor volume threshold for clinically insignificant prostate cancer using a data set of a randomized screening trial},
  author={Wolters, Tineke and Roobol, Monique J and van Leeuwen, Pim J and van den Bergh, Roderick CN and Hoedemaeker, Robert F and van Leenders, Geert JLH and Schr{\"o}der, Fritz H and van der Kwast, Theodorus H},
  journal={The Journal of urology},
  volume={185},
  number={1},
  pages={121--125},
  year={2011},
  publisher={Elsevier}
}

@inproceedings{xie2015holistically,
  title={Holistically-nested edge detection},
  author={Xie, Saining and Tu, Zhuowen},
  booktitle={Proceedings of the IEEE International Conference on Computer Vision},
  pages={1395--1403},
  year={2015}
}

@inproceedings{cheng2014atlas,
  title={Atlas based AAM and SVM model for fully automatic MRI prostate segmentation},
  author={Cheng, Ruida and Turkbey, Baris and Gandler, William and Agarwal, Harsh K and Shah, Vijay P and Bokinsky, Alexandra and McCreedy, Evan and Wang, Shijun and Sankineni, Sandeep and Bernardo, Marcelino and others},
  booktitle={2014 36th Annual International Conference of the IEEE Engineering in Medicine and Biology Society},
  pages={2881--2585},
  year={2014},
  organization={IEEE}
}
